001  0000159
005  20180718170121.048
008  170720s||||     bl|||||||||||||||||por|u
020    $a9788523208622
040    $aPorto Alegre$bpor
080    $2792(81)$a1997
090    $a792(81)$bA637n
100 1  $aAnunciação, Aldri
245 10 $aNamíbia, não!$cAldri Anunciação
260    $aSalvador$bEDUFBA$c2012
300    $a159 p.
600 0  $aRamos, Lazaro
650    $aTeatro
650    $aDrama
650    $aHistória
650    $aEscravidão
650    $aDramaturgia
650    $aFuturismo 
